

@STANDARD {Coughlan2006,
    title        = "A Fast Algorithm for Finding Crosswalks using Figure-Ground Segmentation",
    organization = "Smith-Kettlewell Eye Research Institute",
    author       = "James M. Coughlan and Huiying Shen",
    year         = "2006",
    month        = "may",
    url          = "http://legacy.ski.org/Rehab/Coughlan_lab/General/Publications.html"
}

@inproceedings{DualContouring,
 author = {Tao Ju and Frank Losasso and Scott Schaefer and Joe Warren},
 title = {Dual contouring of hermite data},
 booktitle = {SIGGRAPH '02: Proceedings of the 29th annual conference on Computer graphics and interactive techniques},
 year = {2002},
 isbn = {1-58113-521-1},
 pages = {339--346},
 location = {San Antonio, Texas},
 doi = {http://doi.acm.org/10.1145/566570.566586},
 publisher = {ACM Press},
 address = {New York, NY, USA},
 }
 
 
@inproceedings{QuadricErrorMetrics,
 author = {Michael Garland and Paul S. Heckbert},
 title = {Surface simplification using quadric error metrics},
 booktitle = {SIGGRAPH '97: Proceedings of the 24th annual conference on Computer graphics and interactive techniques},
 year = {1997},
 isbn = {0-89791-896-7},
 pages = {209--216},
 doi = {http://doi.acm.org/10.1145/258734.258849},
 publisher = {ACM Press/Addison-Wesley Publishing Co.},
 address = {New York, NY, USA},
 }

 
@misc{NormalMapper,
  key           = {ATI NormalMapper},
  title         = {{ATI} {N}ormal{M}apper},
  howpublished  = {http://ati.amd.com/developer/tools.html},
 }
 
 
@misc{nVidiaMelody,
  key           = {nVidia Melody},
  title         = {n{V}idia {M}elody},
  howpublished  = {http://developer.nvidia.com/object/melody\_home.html},
 }
  
@MISC {crosswalkTypeEvaluation,
    author = "Ann McGrane and Meghan Mitman",
    title  = "An Overview and Recommendations of High-Visibility Crosswalk Marking Styles",
    month  = "aug",
    year   = "2013"
}
  
@ONLINE {christianszegedy2014,
    author = "Christian Szegedy",
    title  = "Building a deeper understanding of images",
    month  = "sep",
    year   = "2014",
    url    = "http://googleresearch.blogspot.com/2014/09/building-deeper-understanding-of-images.html#uds-search-results"
}  

@INPROCEEDINGS{ratNeural, 
author={Capi, G. and Takahashi, T. and Urushiyama, K. and Kawahara, S.}, 
booktitle={Machine Learning for Signal Processing, 2009. MLSP 2009. IEEE International Workshop on}, 
title={Robots controlled by neural networks trained based on brain signals}, 
year={2009}, 
pages={1-6}, 
keywords={brain-computer interfaces;medical robotics;motion control;neurocontrollers;prosthetics;artificial neural controller;artificial neural network control;biological robot;brain machine interface;brain signal;mechanical robot;multielectrode recording;prosthetic device;robot motion control;Artificial neural networks;Biological neural networks;Brain cells;Motion control;Neural prosthesis;Pressing;Rats;Robot control;Robot motion;Signal restoration}, 
doi={10.1109/MLSP.2009.5306264}, 
month={Sept},}


@INPROCEEDINGS{shadowRemoval,
	title = {Simple Shadow Removal},
	journal = {18th International Conference on Pattern Recognition},
	author = {Fredembach, C. and Finlayson, G.D.},
	year = {2006},
	pages = {832-835},
	url = "http://infoscience.epfl.ch/record/111781/files/piecewise_shadows.pdf"
}

@misc{projectTango,
author = {},
title = {Google's Project Tango},
howpublished = {\url{https://www.google.com/atap/project-tango/}},
month = {},
year = {},
note = {(Visited on 02/08/2016)}
}

%Crosswatch for normal 2 lane crosswalks

%http://dl.acm.org/citation.cfm?id=1427016.1427201

@inproceedings{Crosswatch2Lane,
 author = {Ivanchenko, Volodymyr and Coughlan, James and Shen, Huiying},
 title = {Crosswatch: A Camera Phone System for Orienting Visually Impaired Pedestrians at Traffic Intersections},
 booktitle = {Proceedings of the 11th international conference on Computers Helping People with Special Needs},
 series = {ICCHP '08},
 year = {2008},
 isbn = {978-3-540-70539-0},
 location = {linz, Austria},
 pages = {1122--1128},
 numpages = {7},
 url = {http://dx.doi.org/10.1007/978-3-540-70540-6_168},
 doi = {http://dx.doi.org/10.1007/978-3-540-70540-6_168},
 acmid = {1427201},
 publisher = {Springer-Verlag},
 address = {Berlin, Heidelberg},
} 
 
%http://www.ncbi.nlm.nih.gov/pmc/articles/PMC2874980/

@INPROCEEDINGS{ZebraPhone, 
author={Ivanchenko, V. and Coughlan, J. and Huiying Shen}, 
booktitle={Computer Vision and Pattern Recognition Workshops, 2008. CVPRW '08. IEEE Computer Society Conference on}, 
title={Detecting and locating crosswalks using a camera phone}, 
year={2008}, 
month={june}, 
volume={}, 
number={}, 
pages={1 -8}, 
keywords={camera cell phone;computer vision;crosswalks detection;crosswatch system;visually impaired pedestrian;cellular radio;computer vision;handicapped aids;object detection;}, 
doi={10.1109/CVPRW.2008.4563143}, 
url = "http://www.ncbi.nlm.nih.gov/pmc/articles/PMC2874980/",
ISSN={},}


% Simple Lane Following

%http://www.marco83.com/work/84/84/

@ONLINE{SingleLane1,
author = {Conti, Marco},
title = {Vision System - Lane detection assignment},
month = jun,
year = {2009},
url = {http://www.marco83.com/work/84/84/}
}

%OpenCV platforms

@misc{OpenCVPlatforms,
author = {},
title = {PLATFORMS | OpenCV},
howpublished = {\url{http://opencv.org/platforms.html}},
month = {},
year = {},
note = {(Accessed on 03/03/2016)}
}

%found here: http://stats.stackexchange.com/questions/181/how-to-choose-the-number-of-hidden-layers-and-nodes-in-a-feedforward-neural-netw

@book{Heaton:2008:INN:1502373,
 author = {Heaton, Jeff},
 title = {Introduction to Neural Networks for Java, 2Nd Edition},
 year = {2008},
 isbn = {1604390085, 9781604390087},
 edition = {2nd},
 publisher = {Heaton Research, Inc.},
} 

@INPROCEEDINGS{relatedworkbipolarity, 
author={M. S. Uddin and T. Shioyama}, 
booktitle={2005 IEEE Computer Society Conference on Computer Vision and Pattern Recognition (CVPR'05) - Workshops}, 
title={Bipolarity and Projective Invariant-Based Zebra-Crossing Detection for the Visually Impaired}, 
year={2005}, 
pages={22-22}, 
keywords={Cameras;Feature extraction;Image segmentation;Layout;Multimedia computing;Portable computers;Roads;Statistics;Surface treatment;Systems engineering and theory}, 
doi={10.1109/CVPR.2005.423}, 
ISSN={2160-7508}, 
month={June},}